<?xml version="1.0" encoding="UTF-8"?><collection xmlns="http://www.loc.gov/MARC21/slim"><record><leader>00387nam--2200145-i-4500</leader><controlfield tag="001">000003575</controlfield><controlfield tag="002">20161230</controlfield><controlfield tag="005">20161230201025</controlfield><controlfield tag="008">060222s1000------------r-----000-0-eng-d</controlfield><datafield ind1=" " ind2=" " tag="100"><subfield code="a">Beck, A.H.W</subfield></datafield><datafield ind1=" " ind2=" " tag="245"><subfield code="a">Velocity-modulated thermionic tubes</subfield></datafield><datafield ind1=" " ind2=" " tag="260"><subfield code="a">Cambridge,  Univerity Press , 1948 X + 180 P</subfield></datafield><datafield ind1=" " ind2=" " tag="490"><subfield code="a">Modern Radio Technique Series</subfield></datafield><datafield ind1=" " ind2=" " tag="700"><subfield code="a">Ratcliffe, J.A</subfield></datafield><datafield ind1=" " ind2=" " tag="852"><subfield code="a">918</subfield></datafield></record></collection>